<?xml version="1.0" encoding="UTF-8"?><record xmlns="http://www.loc.gov/MARC21/slim" xmlns:cinclude="http://apache.org/cocoon/include/1.0" xmlns:zs="http://www.loc.gov/zing/srw/">
  <leader>00388cz  a2200133n  4500</leader>
  <controlfield tag="001">no2006001722</controlfield>
  <controlfield tag="003">DLC</controlfield>
  <controlfield tag="005">20060304033204.0</controlfield>
  <controlfield tag="008">060105n| acannaabn          |n aaa     c</controlfield>
  <datafield tag="010" ind1=" " ind2=" ">
    <subfield code="a">no2006001722</subfield>
  </datafield>
  <datafield tag="035" ind1=" " ind2=" ">
    <subfield code="a">(OCoLC)oca06822040</subfield>
  </datafield>
  <datafield tag="040" ind1=" " ind2=" ">
    <subfield code="a">PPi-MA</subfield>
    <subfield code="b">eng</subfield>
    <subfield code="c">PPi-MA</subfield>
    <subfield code="d">CtY-Mus</subfield>
  </datafield>
  <datafield tag="100" ind1="1" ind2=" ">
    <subfield code="a">Schroeder, Hermann,</subfield>
    <subfield code="d">1904-1984.</subfield>
    <subfield code="t">Sonatas,</subfield>
    <subfield code="m">bassoon</subfield>
  </datafield>
  <datafield tag="670" ind1=" " ind2=" ">
    <subfield code="a">Schroeder, H. Sonate fuĚr Fagott solo, c1973.</subfield>
  </datafield>
</record>